<?xml version="1.0" encoding="UTF-8"?><collection xmlns="http://www.loc.gov/MARC21/slim"><record><leader>00496nam--2200181-u-4500</leader><controlfield tag="001">000053517</controlfield><controlfield tag="002">20161230</controlfield><controlfield tag="005">20161230201051</controlfield><controlfield tag="008">110411s1000------------r-----000-0-eng-d</controlfield><datafield ind1=" " ind2=" " tag="020"><subfield code="a">0931288312</subfield></datafield><datafield ind1=" " ind2=" " tag="040"><subfield code="a">IFIN-HH</subfield></datafield><datafield ind1=" " ind2=" " tag="080"><subfield code="a">57.012.4:537.533.35</subfield></datafield><datafield ind1="1" ind2=" " tag="100"><subfield code="a">Bell, Paul B., Jr</subfield></datafield><datafield ind1="1" ind2="0" tag="245"><subfield code="a">Scanning electron microscopy of cells in culture</subfield><subfield code="c">Paul b. bell, jr. (compiled by)</subfield></datafield><datafield ind1=" " ind2=" " tag="260"><subfield code="a">Amf O'Hare</subfield><subfield code="b">Sem, Inc</subfield><subfield code="c">1984</subfield></datafield><datafield ind1=" " ind2=" " tag="300"><subfield code="a">314P</subfield></datafield><datafield ind1=" " ind2=" " tag="852"><subfield code="a">81239</subfield><subfield code="c">57</subfield></datafield><datafield ind1=" " ind2=" " tag="CAT"><subfield code="a">Sys</subfield><subfield code="c">20110411</subfield><subfield code="h">091927</subfield></datafield></record></collection>